@inproceedings{ref6,
  title={The mashware challenge: bridging the gap between web development and software engineering},
  author={Mikkonen, Tommi and Taivalsaari, Antero},
  booktitle={Proceedings of the FSE/SDP workshop on Future of software engineering research},
  pages={245--250},
  year={2010}
}

@article{ref7,
  title={Web engineering: An introduction},
  author={Ginige, Athula and Murugesan, San},
  journal={IEEE multimedia},
  volume={8},
  number={1},
  pages={14--18},
  year={2001},
  publisher={IEEE}
}

@book{refReactEssentials,
  title={React. js essentials},
  author={Fedosejev, Artemij},
  year={2015},
  publisher={Packt Publishing Ltd}
}

@article{andreasen2017survey,
  title={A survey of dynamic analysis and test generation for JavaScript},
  author={Andreasen, Esben and Gong, Liang and M{\o}ller, Anders and Pradel, Michael and Selakovic, Marija and Sen, Koushik and Staicu, Cristian-Alexandru},
  journal={ACM Computing Surveys (CSUR)},
  volume={50},
  number={5},
  pages={1--36},
  year={2017},
  publisher={ACM New York, NY, USA}
}


@inproceedings{bierman2014understanding,
  title={Understanding typescript},
  author={Bierman, Gavin and Abadi, Mart{\'\i}n and Torgersen, Mads},
  booktitle={ECOOP 2014--Object-Oriented Programming: 28th European Conference, Uppsala, Sweden, July 28--August 1, 2014. Proceedings 28},
  pages={257--281},
  year={2014},
  organization={Springer}
}

@misc{react,
  title ={React},
  url={https://react.dev/},
  note = {Acessado: 2023-04-18}
}

@article{jadhav2015single,
  title={Single page application using angularjs},
  author={Jadhav, Madhuri A and Sawant, Balkrishna R and Deshmukh, Anushree},
  journal={International Journal of Computer Science and Information Technologies},
  volume={6},
  number={3},
  pages={2876--2879},
  year={2015},
  publisher={Citeseer}
}

@book{konshin2018next,
  title={Next. js Quick Start Guide: Server-side rendering done right},
  author={Konshin, Kirill},
  year={2018},
  publisher={Packt Publishing Ltd}
}

@article{dinku2022react,
  title={React. js vs. Next. js},
  author={Dinku, Zerihun},
  year={2022}
}

@misc{SWEBOK,
  title ={Software Engineering Body of Knowledge (SWEBOK)},
  url={https://www.computer.org/education/bodies-of-knowledge/software-engineering},
  note = {Accessed: 2023-04-18}
}


@mastersthesis{xavier2019manual,
  title={Manual de procedimentos para secretarias de coordena{\c{c}}{\~a}o de cursos de gradua{\c{c}}{\~a}o: sistematiza{\c{c}}{\~a}o da pr{\'a}tica na Universidade Federal Rural de Pernambuco},
  author={XAVIER, Sandra C{\^a}ndida da Silva},
  year={2019},
  school={Universidade Federal de Pernambuco}
}

@book{pressman2021,
  title={Engenharia de software: uma abordagem profissional},
  author={Pressman, Roger S. and Bruce, Maxim R.},
  year={2021},
  edition={9},
  publisher={AMGH}
}

@book{KeRainerJr2019,
  title={Introdução a Sistemas de Informação},
  author={ Ke Rainer Jr, R. and Cegielski, C. G.},
  year={2015},
  edition={5},
  publisher={GEN LTC}
}

@article{bernard2005html,
  title={Understanding HTML: Structure and Semantics},
  author={Bernard, M.},
  journal={Journal of Internet Technology},
  year={2005}
}

@article{smith2008css,
  title={The Role of CSS in Web Design},
  author={Smith, J.},
  journal={Web Development Journal},
  year={2008}
}

@article{lee2019nodejs,
  title={Scalable Web Applications Using Node.js},
  author={Lee, J. and Kim, H.},
  journal={Journal of Web Technologies},
  year={2019}
}


@article{silva2018arquiteturalimpa,
  title={Benefícios da Arquitetura Limpa no Desenvolvimento de Sistemas},
  author={Silva, F. and Oliveira, M.},
  journal={Revista Brasileira de Engenharia de Software},
  year={2018}
}

@article{martins2017arquiteturaclean,
  title={Arquitetura Clean: Um Estudo sobre a Modularidade e a Flexibilidade},
  author={Martins, A. and Souza, F.},
  journal={Revista de Engenharia de Software},
  year={2017}
}

@article{pereira2020testabilidadearquitetura,
  title={Testabilidade de Código Através da Arquitetura Limpa: Uma Abordagem Prática},
  author={Pereira, J. and Santos, R.},
  journal={Revista de Engenharia de Computação},
  year={2020}
}

@article{oliveirasistema,
  title={Sistema de Gerenciamento de Planos de Curso: Uma ferramenta de aperfei{\c{c}}oamento para o processo de controle de planos de curso nas universidades},
  author={Oliveira, Myller Claudino de Freitas and da Silva, Sergio Campos}
}

@misc{clickup,
    title = {ClickUp™ | The everything app for work},
    url = {https://clickup.com/},
    author = {ClickUp™},
    note = {Acessado em Janeiro 08, 2025}
}